<record><leader>00000cas a22000007a 4500</leader><controlfield tag="001">14122117</controlfield><controlfield tag="008">860821d19021918aluwr ne      0    0eng d</controlfield><datafield ind1=" " ind2=" " tag="010"><subfield code="a">sn 86050343 </subfield></datafield><datafield ind1=" " ind2=" " tag="040"><subfield code="a">AAR</subfield><subfield code="b">eng</subfield><subfield code="c">AAR</subfield><subfield code="d">CPN</subfield><subfield code="d">OCLCQ</subfield></datafield><datafield ind1=" " ind2=" " tag="042"><subfield code="a">msc</subfield></datafield><datafield ind1="0" ind2=" " tag="130"><subfield code="a">Greensboro record (Greensboro, Ala.)</subfield></datafield><datafield ind1="1" ind2="0" tag="245"><subfield code="a">Greensboro record.</subfield></datafield><datafield ind1=" " ind2=" " tag="260"><subfield code="a">Greensboro, Ala. :</subfield><subfield code="b">[s.n.],</subfield><subfield code="c">1902-1918.</subfield></datafield><datafield ind1=" " ind2=" " tag="300"><subfield code="a">v. :</subfield><subfield code="b">ill. ;</subfield><subfield code="c">50-61 cm.</subfield></datafield><datafield ind1=" " ind2=" " tag="310"><subfield code="a">Weekly</subfield></datafield><datafield ind1="0" ind2=" " tag="362"><subfield code="a">Vol. 1, no. 1 (Oct. 9, 1902)-v. 16, no. 28 (Aug. 28, 1918).</subfield></datafield><datafield ind1=" " ind2=" " tag="752"><subfield code="a">United States</subfield><subfield code="b">Alabama</subfield><subfield code="c">Hale</subfield><subfield code="d">Greensboro.</subfield></datafield></record>